@article{Acemoglu-Robinson15,
  title = {The Rise and Decline of General Laws of Capitalism},
  author = {Acemo{\u g}lu, Daron and Robinson, James A.},
  year = {2015},
  journal = {Journal of Economic Perspectives},
  volume = {29},
  pages = {3--28},
  owner = {jan.vosswinkel},
  timestamp = {2018.10.01}
}

@book{AllenGeschichte15,
  title = {{Geschichte der Weltwirtschaft}},
  author = {Allen, Robert C.},
  year = {2015},
  publisher = {{Stuttgart}},
  langid = {ngerman},
  owner = {jan},
  timestamp = {2017.03.16}
}

@book{backhaus2012handbook,
  title = {Handbook of the History of Economic Thought: Insights on the Founders of Modern Economics},
  author = {Backhaus, J{\"u}rgen},
  year = {2012},
  publisher = {{New York Dordrecht Heidelberg London}},
  owner = {jan.vosswinkel},
  timestamp = {2015.10.05}
}

@book{Bassler_et_al_VWL,
  title = {{Grundlagen und Probleme der Volkswirtschaft}},
  author = {Ba{\ss}eler, Ulrich and Heinrich, J{\"u}rgen and Utecht, Burkhard},
  year = {2010},
  publisher = {{Stuttgart}},
  langid = {ngerman},
  owner = {jan.vosswinkel},
  timestamp = {2018.10.01}
}

@book{Bauman_Cartoon1,
  title = {The Cartoon Introduction to Economics. {{Volume}} One: {{Microeconomics}}},
  author = {Klein, Grady and Bauman, Yoram},
  year = {2010},
  publisher = {{New York}},
  owner = {jan},
  timestamp = {2013.04.27}
}

@article{Blaug2001,
  title = {Is Competition Such a Good Thing? {{Static}} Efficiency versus Dynamic Efficiency},
  author = {Blaug, M.},
  year = {2001},
  journal = {Review of Industrial Organization},
  volume = {19},
  number = {1},
  pages = {37--48},
  abstract = {This paper addresses the rationale for antitrust legislation. It is a striking fact that the legitimacy of antitrust law has been taken for granted in the United States ever since the Sherman Act of 1890 and, until the advent of the so-called Chicago School, it was even taken for granted by conservative American economists. Europeans, on the other hand, have always been lukewarm about legal action against trusts and cartels and this attitude is found right across the political spectrum in most European countries. Nevertheless, in both the U.S.A. and Europe, the ultimate justification for antitrust law derives from economic doctrine regarding the beneficial effects of competition. But what exactly are these beneficial effects and how secure is the contention of economists that competition is always superior to monopoly? Surprisingly enough, competition, that central concept of economics, is widely misunderstood by many economists, both as a market phenomenon and as an organizing principle of economic reasoning.},
  mendeley-groups = {W\&S II}
}

@book{blum2016grundlagen,
  title = {{Grundlagen der Volkswirtschaftslehre}},
  author = {Blum, Ulrich},
  year = {2016},
  publisher = {{Oldenburg}},
  langid = {ngerman}
}

@article{Bundesbank2017,
  title = {Die {{Rolle}} von {{Banken}}, {{Nichtbanken}} Und {{Zentralbank}} Im {{Geldsch\"opfungsprozess}}},
  author = {{Deutsche Bundesbank}},
  year = {2017},
  journal = {Deutsche Bundesbank, Monatsbericht},
  volume = {April},
  pages = {15--36}
}

@article{CarletonAthey2018,
  title = {Economists (and Economics) in Tech Companies},
  author = {Athey, Susan and Luca, Michael},
  year = {2019},
  journal = {Journal of Economic Perspectives},
  volume = {33},
  number = {1},
  pages = {209--230}
}

@book{Chang_Economics,
  title = {Economics: {{The}} User's Guide},
  author = {Chang, Ha-Joon},
  year = {2014},
  publisher = {{London}},
  owner = {jan.vosswinkel},
  timestamp = {2015.04.13}
}

@book{conradWirtschaftsethik2016,
  title = {{Wirtschaftsethik}},
  author = {Conrad, Christian A.},
  year = {2016},
  publisher = {{Springer Fachmedien}},
  address = {{Wiesbaden}},
  doi = {10.1007/978-3-658-12403-8},
  urldate = {2022-09-23},
  isbn = {978-3-658-12402-1 978-3-658-12403-8},
  langid = {ngerman},
  keywords = {Individualismus,Kollektivismus,Marktversagen,Ordnungspolitik,Organisationsethik,Wirtschaftswissenschaften},
  file = {C\:\\Users\\Jan Voßwinkel\\Zotero\\storage\\J5EA8GH5\\Conrad - 2016 - Wirtschaftsethik.pdf}
}

@book{Core-Lehrbuch,
  title = {The Economy},
  author = {{Core Project}},
  year = {2016},
  publisher = {{www.core-econ.org}},
  owner = {jan.vosswinkel},
  timestamp = {2016.10.24}
}

@book{Detel07_Soz,
  title = {{Grundkurs Philosophie. Band 5: Philosophie des Sozialen}},
  author = {Detel, Wolfgang},
  year = {2007},
  publisher = {{Stuttgart}},
  langid = {ngerman},
  owner = {jan},
  timestamp = {2013.04.27}
}

@book{Detel08_GK_Philosophie4,
  title = {{Grundkurs Philosophie Band 4: Erkenntnis- und Wissenschaftstheorie}},
  author = {Detel, Wolfgang},
  year = {2008},
  publisher = {{Stuttgart}},
  abstract = {S. 48: Formen von Wissen: \"Uberzeugungswissen, Regelwissen, Wissen als Kenntnis (Vertrautheit) S. 50: "Wissen (im Sinne von \"Uberzeugungswissen) ist wahre gest\"utzte Meinung." S. 90: Wissenschatliches Wissen.},
  langid = {ngerman},
  owner = {jan},
  timestamp = {2013.08.05}
}

@book{Goolsbee_et_al_Micro,
  title = {Microeconomics},
  author = {Goolsbee, Austan and Levitt, Steven and Syverson, Chad},
  year = {2013},
  publisher = {{New York}},
  owner = {jan.vosswinkel},
  timestamp = {2015.10.07}
}

@book{Hall_Homer_Economicus,
  title = {Homer Economicus. {{The}} Simpsons and Economics},
  editor = {Hall, Joshua},
  year = {2014},
  publisher = {{Stanford, California}},
  owner = {jan.vosswinkel},
  timestamp = {2015.04.13}
}

@book{Mankiw_Grundzuege,
  title = {{Grundz\"uge der Volkswirtschaftslehre}},
  author = {Mankiw, N. Gregory and Taylor, Mark P.},
  year = {2018},
  publisher = {{Stuttgart}},
  langid = {ngerman},
  owner = {jan},
  timestamp = {2013.04.27}
}

@article{read1958pencil,
  title = {I, Pencil: {{My}} Family Tree as Told to Leonard {{E}}},
  author = {Read, Leonard E},
  year = {1958},
  journal = {Read http://www. econlib. org/library/Essays/rdPncl1.html},
  owner = {jan.vosswinkel},
  timestamp = {2015.10.05}
}

@article{Schmidt2014,
  title = {{Wirkungstreffer erzielen - Die Rolle der evidenzbasierten Politikberatung in einer aufgekl\"arten Gesellschaft}},
  author = {Schmidt, Christoph M.},
  year = {2014},
  journal = {Perspektiven der Wirtschaftspolitik},
  volume = {15},
  pages = {219--233},
  langid = {ngerman}
}

@book{Schneider_BWL,
  title = {{Betriebswirtschaftslehre als Einzelwirtschaftstheorie der Institutionen}},
  author = {Schneider, Dieter},
  year = {2011},
  publisher = {{Wiesbaden}},
  langid = {ngerman}
}

@article{sellWahrnehmungUndWirklichkeit2020,
  title = {{Wahrnehmung und Wirklichkeit in der Volkswirtschaftslehre}},
  author = {Sell, Friedrich L.},
  year = {2020},
  month = apr,
  journal = {ORDO},
  volume = {71},
  number = {1},
  pages = {63--89},
  publisher = {{De Gruyter Oldenbourg}},
  issn = {2366-0481},
  doi = {10.1515/ordo-2021-0003},
  urldate = {2022-09-24},
  abstract = {Zusammenfassung Wahrnehmung und Wirklichkeit fallen in wirtschaftlichen Zusammenh\"angen h\"aufig auseinander. In diesem Beitrag wird gezeigt, wie Volkswirte \textendash{} auch im Vergleich zu anderen Disziplinen \textendash{} mit diesen beiden Themen umgehen. Da (umfassend) rationale Wahrnehmungen, analog zu den rationalen Erwartungen, h\"ochst selten anzutreffen sind, bedarf es an Erkl\"arungsans\"atzen, die, als Teil der Behavioral Economics, Abweichungen davon befriedigend erkl\"aren k\"onnen. Die Prospect Theory erweist sich dabei als leistungsf\"ahiger Ansatz. Mit seiner Hilfe kann die Koexistenz von Ungleichheits- wie Gleichheitsaversion in der personellen Einkommensverteilung gut begr\"undet werden. Die bisherige Empirie dazu vermag zwar noch nicht zu \"uberzeugen, was aber mit dem noch fehlenden Kriterienkatalog f\"ur die Bildung/Abgrenzung von L\"andersamples \textendash{} analog zu den Konvergenztestes in der empirischen Wachstumsforschung \textendash{} erkl\"art werden kann.},
  langid = {ngerman},
  keywords = {Equilibrium in Income Distribution,Personal Income Distribution,Prospect Theory,Rational Perceptions and Errors,Self-perception of Economics},
  file = {C\:\\Users\\Jan Voßwinkel\\Zotero\\storage\\K43WQUHM\\Sell - 2020 - Wahrnehmung und Wirklichkeit in der Volkswirtschaf.pdf}
}

@book{Voigt09,
  title = {{Institutionen\"okonomik}},
  author = {Voigt, Stefan},
  year = {2009},
  publisher = {{M\"unchen}},
  langid = {ngerman}
}
